@BOOK{artificialintelligencebook,
    author = "David L. Poole and Alan K. Mackworth",
    title = "{Artificial Intelligence}",
    publisher = "Cambridge University Press",
    year = {2010},
    edition = 1,
    note = "ISBN 9780521519007",
    url = {http://artint.info/html/ArtInt.html}
    }

@BOOK{sipser,
    author = "Michael Sipser",
    title = "{Introduction to the Theory of Computation}",
    publisher = "Cengage Learning, Inc",
    year = {2012},
    edition = 3,
    note = "ISBN 9781133187813",
    }

@MISC{roomba,
    author = "{iRobot Corporation}",
    title = "{iRobot Roomba Vacuum Cleaning Robot}",
    year = {2013},
    url = "{http://www.irobot.com/us/learn/home/roomba.aspx}",
    note = {Last seen 09-09-2014}
    }
    
@MISC{lego_education,
    author = {LEGO},
	title = {LEGO Education},
	year = {2014},
	url = {http://education.lego.com/},
	note = {Last seen 12-09-2014}
    }
    
@MISC{lego_nxt_2.0,
    author = {LEGO},
    title = {LEGO NXT 2.0},
    year = {2009},
    url = {http://shop.lego.com/en-US/LEGO-MINDSTORMS-NXT-2-0-8547},
    note = {Last seen 16-09-2014}
    }
    
@MISC{lego_edu_guide,
    author = {LEGO},
    title = {LEGO Education User Guide},
    year = {2009},
    url = {http://cache.lego.com/downloads/education/9797_LME_UserGuide_US_low.pdf},
    note = {Last seen 16-09-2014}
    } 
    
@MISC{lego_edu_guide,
    author = {The LEGO Group},
    title = {LEGO MINDSTORMS NXT Hardware Developer Kit},
    year = {2006},
    url = {http://blog.tkjelectronics.dk/wp-content/uploads/LEGO-MINDSTORMS-NXT-Hardware-Developer-Kit.pdf},
    note = {Last seen 16-09-2014}
    } 

@MISC{embedded_software_number,
    author = "{Kostas Glinos}",
    title = "{The challenge of embedded systems}",
    year = 2006,
    url = "{http://library.abb.com/GLOBAL/SCOT/scot271.nsf/VerityDisplay/B7C98D6B25764147C125719300346EC8/\$File/06-08\%202M621_ENG72dpi.pdf}",
    note = {Last seen 05-10-2014}
    }
    
@MISC{nxtosek_api,
    author = {Takashi Chikamasa},
    title = {nxtOSEK C++ API},
    year = {2013},
    url = {http://lejos-osek.sourceforge.net/api.htm},
    note = {Last seen 02-10-2014}
    } 
    
@MISC{nxtosek,
    author = {Takashi Chikamasa},
    title = {nxtOSEK for LEGO MINDSTORMS NXT},
    year = {2013},
    url = {http://lejos-osek.sourceforge.net},
    note = {Last seen 03-10-2014}
    } 
    
@MISC{bricxcc,
    author = {John Hansen},
    title = {BricxCC},
    year = {2011},
    url = {http://bricxcc.sourceforge.net},
    note = {Last seen 03-10-2014}
    }     
    
@MISC{lejos,
    author = {Jose Solorzano},
    title = {lejOS NXJ},
    year = {2006},
    url = {http://www.lejos.org/nxj.php},
    note = {Last seen 03-10-2014}
    }
    
@MISC{nxj,
    author = {Jose Solorzano},
    title = {NXJ API},
    year = {2006},
    url = {http://www.lejos.org/nxt/nxj/api/index.html},
    note = {Last seen 06-10-2014}
    }   

@MISC{nxtOSEK2,
    author = {Takashi Chikamasa},
    title = "{What is nxtOSEK?}",
    year = {2009},
    url = {http://lejos-osek.sourceforge.net/whatislejososek.htm}
    note = {Last seen 22-10-2014}
    }
        
@MISC{toppers_atk,
    author = {TOPPERS Project, Inc.},
    title = {TOPPERS ATK},
    year = {2013},
    url = {http://www.toppers.jp/en/atk2.html},
    note = {Last seen 06-10-2014}
    }
    
@MISC{toppers_jsp,
    author = {TOPPERS Project},
    title = {TOPPERS JSP},
    year = {2013},
    url = {http://www.toppers.jp/en/jsp-kernel-e.html},
    note = {Last seen 03-10-2014}
    }    
    
@MISC{arduino,
    author = {Arduino},
    title = {Arduino home page},
    year = {2014},
    url = {http://www.arduino.cc},
    note = {Last seen 07-10-2014}
    }
    
@MISC{raspberry_pi,
    author = {Raspberry Pi Foundation},
    title = {Raspberry Pi home page},
    year = {2014},
    url = {http://www.raspberrypi.org},
    note = {Last seen 07-10-2014}
    }    

@MISC{osekoil,
    author = {OSEK steering committee},
    title = {OSEK/VDX},
    year = {2004},
    url = {http://portal.osek-vdx.org/files/pdf/specs/oil25.pdf},
    note = {Last seen 06-11-2014}
    }
    
@MISC{compass,
    author = {HiTechnic},
    title = {NXT Compass Sensor},
    year = {2012},
    url = {http://www.hitechnic.com/cgi-bin/commerce.cgi?preadd=action&key=NMC1034},
    note = {Last seen 24-11-2014}
    }
    
@MISC{datalogging,
    author = {Takashi Chikamasa},
    title = {nxtOSEK Datalogging},
    year = {2009},
    url = {http://lejos-osek.sourceforge.net/datalogging.htm},
    note = {Last seen 25-11-2014}
    }
    
@MISC{slap_bracelet,
    author = {Stuart Anders},
	title = {Slap Bracelet},
	year = {1980},
	url = {http://en.wikipedia.org/wiki/Slap_bracelet},
	note = {Last seen 03-12-2014}
    }
    
@MISC{tsp,
    author = {Wikipedia},
	title = {Travelling Salesman Problem},
	year = {2014},
	url = {http://en.wikipedia.org/wiki/Travelling_salesman_problem},
	note = {Last seen 10-12-2014}
    }
    
@MISC{hamilton,
    author = {NCSU},
	title = {Topics in Contemporary Mathematics},
	year = {2013},
	url = {http://www4.ncsu.edu/~uzgeorge/HamiltonCircuits7-19and22.pdf},
	note = {Last seen 16-12-2014}
    }
